5051 3456
271 109 332 193 2
253 2913 513 3006 Statutum
1344 44 1578 157 nonagesimo secundo
889 47 1041 158 Junii
658 285 2531 453 Anno predicto die mercurii xxvia junii post nativitatem beati Johannis secunda capituli generalis presentibus dominis capitulantibus
1553 393 2156 502 Renunciacio clericorum matutinalium
614 428 877 515 P. decano
1100 467 2441 603 Renunciaverunt clerici matutinales et macicoti ecclesie
608 495 888 614 H. Cantore
636 539 990 658 G. Archidiacono Ecclesie
1199 549 2444 678 quorum nomina sunt hec Egidius Pinelli Tassinus
615 627 1109 730 P. Archidiacono Brie Infirmo
1210 621 2463 755 Vacherii G. Auffert P. Gillardi Laurencius de Fore
606 692 887 802 Sy. succentore
1177 698 2466 831 J. Constantini dicte ecclesie macicoti et Aubertus Billardi
1180 778 2479 902 J. Bienvenu J. Caillart Nicolaus de Dola Martinus Mu
631 816 895 932 Ar. Jausserandi
1210 855 2488 982 tonis P. Valeti G. Aleaume Thomas le Pelé Hebertus
593 902 877 994 J. de Pompedorrio
1185 935 2462 1057 Besangerii et Stephanus Theobaldi clerici matutinales
598 967 805 1051 J. de Soco
591 994 870 1099 L. de Mongeria
601 1076 880 1154 N. Chaudart
1153 1040 2499 1174 Item renunciaverunt cappellani celebrantes pro rege ad altare
1577 1132 1881 1193 revocabiles ad nutum
578 1133 871 1210 J. de Karolay
1212 1133 2484 1253 sancti Sebastiani quorum nomina sunt hec videlicet domini Johannes
571 1188 831 1267 P. Roberti
1192 1218 2489 1320 Bienvenu Johannes la Buffe Seguinus Vigerii Aubertus
577 1241 884 1343 B. de Thierno
1172 1274 2376 1386 Billardi Eustacius Vacherii et G. de Quercu
594 1300 866 1381 G. de Veraco
1902 1337 2003 1392 eciam
572 1365 798 1440 P. Forteti
1192 1314 2509 1478 Et P. Burgondi et J. de Quirisi capellani revocabiles ad
567 1419 874 1500 R. de Lorriaco
1186 1422 2510 1540 nutum capellanie fundate per condam Archidiaconum Actrebatensis canonicum Parisiensis ad al
572 1481 733 1557 J. Hue
1193 1490 2507 1607 tare sinistre partis ymaginis beate Marie que est in introitu chori qui
556 1518 783 1627 P. Prepositi
1184 1547 2509 1668 de novo fuerunt usque ad beneplacitum dapituli instituti et eciam alii
578 1570 899 1683 R. de Putheolis
1180 1596 2508 1744 Et capellani celebrantes pro domino Episcopo parisiense ad dictum altare
550 1649 892 1744 T. de Sancto Petro
1187 1686 2517 1810 G. Symonelli pro se ipso et Symon Hubelin pro domino P. Maugis
544 1718 807 1798 J. Voignon
564 1772 868 1870 Ph. de Salione
1192 1765 2511 1883 altero deputato ad dictum celebracionem qui eciam de novo fuerunt
1187 1834 1744 1928 instituti ad simile beneplacitum
574 1839 790 1933 Ja. Cosson
1169 1867 2495 1997 Concesse fuerunt due prebende Casteneti domino Thome Boullardi
568 1904 746 1992 T. Hocie
1183 1952 2506 2062 in ecclesia parisiense usque ad ix annos pro C. l. p. quolibet anno solvendis quolibet
571 1966 755 2050 G. Fedelli
1168 2017 2503 2125 anno mediatim in festis Purificacionis et Ascencionis sub hac condicione quod
560 2034 916 2130 J. de Guignicurte
1164 2079 2509 2185 dabit singulis tribus annis capitulo per declaracionem in uno re
570 2087 935 2183 N. de Ordeomonte
1169 2131 2518 2245 gistro redditus particularium dictarum prebendarum / et quod omnes confiscaciones et omnia
557 2152 868 2245 H. de Chanaco
1153 2201 2507 2307 hereditagia confiscacionum ac emende excedentes lx s. sint
559 2223 898 2305 L. de Maignaco
578 2276 818 2357 J. de Bordis
1141 2278 2511 2403 Dominus Thomas Boullardi predictus ut procuratorJ. de Salebruche
528 2322 1012 2428 P. de Castro infirmo
1161 2351 2488 2468 semiprebendati ecclesie parisiensis consenciit procuratori nomine et pro parte dicti J.
1164 2410 2510 2535 granum et alii fructus dicte semi prebende sue augusti pro precio preteriti con
1161 2480 2065 2585 tantur in reparacionibus in quibus tenetur
585 2556 2515 2702 Vocentur ad crastinum matricularii clerici laici etiam macicoti ecclesie ut provide
595 2646 1705 2755 atur super deffectibus qui commictuntur in dicta ecclesia
572 2711 2512 2842 Deliberatum est quod assistentes prelato celebrantes in festis pontificis in quibus rasura non debetur
609 2799 2211 2909 teneantur et debeant interesse rasi nisi per triduum fuerunt rasi ante
607 2849 2483 3002 Placet capitulo quod statutum olim factum super faciendis prepositis prebendis servetur videlicet quod fiant
614 2943 2482 3067 Electionem conprebendatorum suorum et quod ubi non fuerint concordes capitulum eligat in deffectum
604 3017 2484 3136 eorumdem quos maluent / Et fuit protestatus magister J. de Karolay prebendatus in Moriaco
576 3075 2497 3221 quod eum debeat esse prepositus prebende ut antiquior canonicus non intendit consentire et
586 3143 1503 3267 capitulum de contrario et in contrarium
2520 2823 2729 2952 de xxvi
2525 2913 2716 3018 diebus
2530 2989 2759 3078 recreacionis
3695 58 4016 158 nonagesimo secundo
3174 66 3379 173 Junii
2918 285 4886 461 Anno predicto die jovis xxviia junii post nativitatem beati J. Baptiste tercia capituli generalis presentibus dominis capitulantibus
2889 385 3121 486 P. Decano
2869 458 3122 543 H. Cantore
3591 437 4861 577 Manumictatur J. Hueti filius Gileti Hueti parochie de Cruce
2856 518 3233 611 G. Archidiacono ecclesie
3606 531 4873 638 commorante in Commarmaco in Bria pauperrini viri volentes ascribi
3269 525 3444 651 P. Archidiacono
2867 584 3212 691 Sy. Succentore
3593 592 4835 702 milicie clericali et ad sacerdocium promoveri mediante finencia
3261 625 3573 717 Brie infirmo
2874 658 3189 743 L. de Mongeria
3617 655 4848 763 sex florenum auri ita quod si convolaverit ad nuptias revertatur
2876 720 3139 805 P. Roberti
3595 716 4051 833 in pristinam servitutem
2871 782 3184 880 J. de Pompedorio
3580 763 4832 912 Facta fuit manumissio super hoc prout continetur in pe
2869 843 3113 927 N. Chaudart
3584 868 4237 976 nultimo folio presentis libri
2873 898 3179 991 B. de Thierno
3355 910 4889 1083 Preceptum fuit macicotis et clericis matitunalis et aliis de choro ecclesie quod
2890 963 3191 1057 G. de Veraco
2898 1027 3203 1128 J. de Karolay
3440 1018 4449 1137 de cetero melius se habeant in officio divino
2851 1085 3136 1185 P. Forteti
3400 1087 4921 1210 Prorogatus est terminus corrigendi bullas suas magistro R. de Vausaillon
2877 1159 3190 1251 Ar. Jausserandi
3359 1146 4913 1274 matriculario clerico ecclesie sancti mederici parisiensis usque ad instantem festum sancti Remigii
2857 1221 3112 1317 P. Prepositi
3378 1210 4894 1342 et quod faciat interim deserviri dicto beneficio laud ? in divinis et aliis que suo
2860 1288 3028 1363 J. Hue
3343 1265 4921 1406 beneficio incumbunt per sufficientem et ydoneam personam per capitulum acceptandam si vide
2857 1339 3233 1423 R. de Putheolis
3352 1366 3624 1458 bitur bona
2843 1382 3160 1478 J. de Bordis
3372 1368 4904 1547 Placet capitulo quod concedatur imperpetuum magistro Nicasio Bougre notario regio quedam
2840 1453 3203 1545 T. de Sancto Petro
3339 1463 4929 1611 parva platea ecclesie que est supra portum Sancti Landrici juxta domum dicti magistri Nicasii
2872 1517 3106 1590 J. Voignon
3332 1519 4907 1694 pro precio xvi s. redditus et ii d. fondalistere solvendo quolibet anno in festo sancti Remigii
2841 1556 3149 1655 Ph. de Salione
3352 1575 4914 1752 qui plus inde non poterit habere dum tamen fiant littere super hoc ad dictum capitulum
2865 1634 3074 1714 Ja. Cosson
2855 1677 3053 1762 T. Hocie
3330 1676 4908 1824 Deputati et ordinati sunt domini archidiaconus ecclesie Jacobus Cosson et Ph. de Salione canonici
2840 1701 3207 1809 N. de Ordeomonte
3339 1765 4537 1897 parisienses ad tractandum cum illis de christolio super facto taillie
2890 1792 3222 1876 de Guignicurte
2852 1845 3208 1934 L. de Maignaco
3375 1828 4965 1981 Dicatur per me G. firmario et matriculariis ecclesie parrochialis Sancti Pauli
2855 1903 3093 1998 G. Fedelli
3370 1909 4956 2054 parisiensis quod domini non ibunt processionaliter ad dictam ecclesiam in proximo festo conversionis sancti Pauli
2856 1958 3356 2073 R. de Lorriaco pro presente
3366 1967 4919 2106 nec aliis si dicatur ibidem aliqua missa cantanta post missam processionis capituli que
2837 2036 3342 2131 P. de Castro Infirmo
3366 2022 4944 2167 debet esse maior missa cuius misse processionis habeat dictus firmarius oblaciones
3375 2120 4181 2224 licet deberent esse capituli de rigore
2847 2142 4945 2328 Deliberatum est quod octo franci quos ego G. habui pro capitulo die xvi februarii a magistro J. Voignon pro completo
2751 2227 2819 2309 §
2866 2236 4973 2388 solucionis medie prebende sue forane causa distribuendi inter ipsos tradentur per me prebenda Sancti Victoris pro prebende
2863 2301 4966 2446 forane domini cardinalis de Mantenayo et R. de Dangello qui octo franci traditi fuerunt per me ut constat
2867 2411 3332 2518 per quictanciam dicte prebende
2727 2394 4959 2585 § magistris Ph. de Salione R. de Putheolis et Ja. Cosson commissum est quod videant rotulum traditum per magistrum
2843 2468 4967 2650 J. Commitis olim magistrum puerorum chori ecclesie parisiensis et obiecta tradit ? g ? posit? compoti sui et referant
4644 2539 4735 2599 capitulo
2732 2542 4943 2722 § Fiat quictanciam magistro R. de Lorriaco nuper preposito prebende in Vernoto de xxvi florenorum per eum tradita capitulo de fructibus au
2846 2624 4977 2773 gusti ultimo preteriti prebende forane que fuit magistri N. de Villamaris condam cantoris et canonici ecclesie parisiensis ut canonici qua...
2854 2687 4982 2827 percipiebat in Vernoto distributis inter dominos capitulantes et de quatuor florenis traditis de dictis fructibus pro taillia etc
2916 2763 4249 2885 Et nota quod residuum dicte prebende fuit traditum succollectorio pape.
2813 2824 4906 2966 Concessi sunt xxi dies recreacionis illis dumtaxat qui fecerunt stagium in ecclesia parisiense per xxvi
2860 2909 4863 3018 septimanas ante festum nativitatis beati Johannis Baptiste proximo preterito quibus durantibus habebunt omnes distribuciones suas exceptis
4459 2971 4899 3072 aliarum horarum in quibus
2844 2983 4275 3089 pane capituli albo processionis anniversariorum regis caroli et distribucionibus
2847 3033 4546 3162 non consueverunt interesse. Exceptis etiam distribucionibus et aliis emolumentis capitularibus
2863 3069 4860 3244 Scribatur Johanni le Quien quod informet se si reparaciones d'Oultreboys contente in ultimo folio
2849 3174 4586 3311 presentis libri sunt bene et debite facte / et rescribat super hoc debite capitulo
